
@Misc{statista2017,
	author =       {statista},
	title =        {Number of available applications in the
	Google Play Store},
	month =        {Junho},
	day =          1,
	year =         2017,
	note =         {Consultado em 14 de Junho 2017 em \url{https://www.statista.com/statistics/266210/number-of-available-applications-in-the-google-play-store/}}
}

@inproceedings{zhao2016discovering,
	title={Discovering different kinds of smartphone users through their application usage behaviors},
	author={Zhao, Sha and Ramos, Julian and Tao, Jianrong and Jiang, Ziwen and Li, Shijian and Wu, Zhaohui and Pan, Gang and Dey, Anind K},
	booktitle={Proceedings of the 2016 ACM International Joint Conference on Pervasive and Ubiquitous Computing},
	pages={498--509},
	year={2016},
	organization={ACM}
}

@article{zhao2017mining,
	title={Mining user attributes using large-scale app lists of smartphones},
	author={Zhao, Sha and Pan, Gang and Zhao, Yifan and Tao, Jianrong and Chen, Jinlai and Li, Shijian and Wu, Zhaohui},
	journal={IEEE Systems Journal},
	volume={11},
	number={1},
	pages={315--323},
	year={2017},
	publisher={IEEE}
}

@article{mohd2007mobile,
	title={Mobile phone usage for m-learning: comparing heavy and light mobile phone users},
	author={Mohd Suki, Norbayah and Mohd Suki, Norazah},
	journal={Campus-Wide Information Systems},
	volume={24},
	number={5},
	pages={355--365},
	year={2007},
	publisher={Emerald Group Publishing Limited}
}



@inproceedings{li2015characterizing,
	title={Characterizing smartphone usage patterns from millions of android users},
	author={Li, Huoran and Lu, Xuan and Liu, Xuanzhe and Xie, Tao and Bian, Kaigui and Lin, Felix Xiaozhu and Mei, Qiaozhu and Feng, Feng},
	booktitle={Proceedings of the 2015 ACM Conference on Internet Measurement Conference},
	pages={459--472},
	year={2015},
	organization={ACM}
}

@inproceedings{church2015understanding,
	title={Understanding the challenges of mobile phone usage data},
	author={Church, Karen and Ferreira, Denzil and Banovic, Nikola and Lyons, Kent},
	booktitle={Proceedings of the 17th International Conference on Human-Computer Interaction with Mobile Devices and Services},
	pages={504--514},
	year={2015},
	organization={ACM}
}

@inproceedings{banovic2014proactivetasks,
	title={ProactiveTasks: the short of mobile device use sessions},
	author={Banovic, Nikola and Brant, Christina and Mankoff, Jennifer and Dey, Anind},
	booktitle={Proceedings of the 16th international conference on Human-computer interaction with mobile devices \& services},
	pages={243--252},
	year={2014},
	organization={ACM}
}

@inproceedings{brown2014100,
	title={100 days of iPhone use: understanding the details of mobile device use},
	author={Brown, Barry and McGregor, Moira and McMillan, Donald},
	booktitle={Proceedings of the 16th international conference on Human-computer interaction with mobile devices \& services},
	pages={223--232},
	year={2014},
	organization={ACM}
}

@inproceedings{lee2014hooked,
	title={Hooked on smartphones: an exploratory study on smartphone overuse among college students},
	author={Lee, Uichin and Lee, Joonwon and Ko, Minsam and Lee, Changhun and Kim, Yuhwan and Yang, Subin and Yatani, Koji and Gweon, Gahgene and Chung, Kyong-Mee and Song, Junehwa},
	booktitle={Proceedings of the 32nd annual ACM conference on Human factors in computing systems},
	pages={2327--2336},
	year={2014},
	organization={ACM}
}
@article{wagner2014device,
	title={Device Analyzer: Large-scale mobile data collection},
	author={Wagner, Daniel T and Rice, Andrew and Beresford, Alastair R},
	journal={ACM SIGMETRICS Performance Evaluation Review},
	volume={41},
	number={4},
	pages={53--56},
	year={2014},
	publisher={ACM}
}

@inproceedings{srinivasan2014mobileminer,
	title={Mobileminer: Mining your frequent patterns on your phone},
	author={Srinivasan, Vijay and Moghaddam, Saeed and Mukherji, Abhishek and Rachuri, Kiran K and Xu, Chenren and Tapia, Emmanuel Munguia},
	booktitle={Proceedings of the 2014 ACM International Joint Conference on Pervasive and Ubiquitous Computing},
	pages={389--400},
	year={2014},
	organization={ACM}
}




@inproceedings{bohmer2011falling,
	title={Falling asleep with Angry Birds, Facebook and Kindle: a large scale study on mobile application usage},
	author={B{\"o}hmer, Matthias and Hecht, Brent and Sch{\"o}ning, Johannes and Kr{\"u}ger, Antonio and Bauer, Gernot},
	booktitle={Proceedings of the 13th international conference on Human computer interaction with mobile devices and services},
	pages={47--56},
	year={2011},
	organization={ACM}
}

@inproceedings{falaki2010diversity,
	title={Diversity in smartphone usage},
	author={Falaki, Hossein and Mahajan, Ratul and Kandula, Srikanth and Lymberopoulos, Dimitrios and Govindan, Ramesh and Estrin, Deborah},
	booktitle={Proceedings of the 8th international conference on Mobile systems, applications, and services},
	pages={179--194},
	year={2010},
	organization={ACM}
}

@inproceedings{ferreira2014contextual,
	title={Contextual experience sampling of mobile application micro-usage},
	author={Ferreira, Denzil and Goncalves, Jorge and Kostakos, Vassilis and Barkhuus, Louise and Dey, Anind K},
	booktitle={Proceedings of the 16th international conference on Human-computer interaction with mobile devices \& services},
	pages={91--100},
	year={2014},
	organization={ACM}
}



@inproceedings{jones2015revisitation,
	title={Revisitation analysis of smartphone app use},
	author={Jones, Simon L and Ferreira, Denzil and Hosio, Simo and Goncalves, Jorge and Kostakos, Vassilis},
	booktitle={Proceedings of the 2015 ACM International Joint Conference on Pervasive and Ubiquitous Computing},
	pages={1197--1208},
	year={2015},
	organization={ACM}
}

@inproceedings{ferreira2013revisiting,
	title={Revisiting human-battery interaction with an interactive battery interface},
	author={Ferreira, Denzil and Ferreira, Eija and Goncalves, Jorge and Kostakos, Vassilis and Dey, Anind K},
	booktitle={Proceedings of the 2013 ACM international joint conference on Pervasive and ubiquitous computing},
	pages={563--572},
	year={2013},
	organization={ACM}
}

@article{henze2012my,
	title={My app is an experiment: Experience from user studies},
	author={Henze, Niels and Pielot, Martin and Poppinga, B and Schinke, T and Boll, S},
	journal={Developments in Technologies for Human-Centric Mobile Computing and Applications},
	volume={294},
	year={2012},
	publisher={IGI Global}
}

@article{oulasvirta2012habits,
	title={Habits make smartphone use more pervasive},
	author={Oulasvirta, Antti and Rattenbury, Tye and Ma, Lingyi and Raita, Eeva},
	journal={Personal and Ubiquitous Computing},
	volume={16},
	number={1},
	pages={105--114},
	year={2012},
	publisher={Springer}
}

@inproceedings{yan2012fast,
	title={Fast app launching for mobile devices using predictive user context},
	author={Yan, Tingxin and Chu, David and Ganesan, Deepak and Kansal, Aman and Liu, Jie},
	booktitle={Proceedings of the 10th international conference on Mobile systems, applications, and services},
	pages={113--126},
	year={2012},
	organization={ACM}
}




@inproceedings{zhang2012nihao,
	title={Nihao: A predictive smartphone application launcher},
	author={Zhang, Chunhui and Ding, Xiang and Chen, Guanling and Huang, Ke and Ma, Xiaoxiao and Yan, Bo},
	booktitle={International Conference on Mobile Computing, Applications, and Services},
	pages={294--313},
	year={2012},
	organization={Springer}
}

@inproceedings{huang2012predicting,
	title={Predicting mobile application usage using contextual information},
	author={Huang, Ke and Zhang, Chunhui and Ma, Xiaoxiao and Chen, Guanling},
	booktitle={Proceedings of the 2012 ACM Conference on Ubiquitous Computing},
	pages={1059--1065},
	year={2012},
	organization={ACM}
}

%Esse nao entra

@article{leroux2013mobile,
	title={Mobile application usage prediction through context-based learning},
	author={Leroux, Philip and Roobroeck, Klaas and Dhoedt, Bart and Demeester, Piet and De Turck, Filip},
	journal={Journal of Ambient Intelligence and Smart Environments},
	volume={5},
	number={2},
	pages={213--235},
	year={2013},
	publisher={IOS Press}
}


@inproceedings{liao2013mining,
	title={On mining mobile apps usage behavior for predicting apps usage in smartphones},
	author={Liao, Zhung-Xun and Pan, Yi-Chin and Peng, Wen-Chih and Lei, Po-Ruey},
	booktitle={Proceedings of the 22nd ACM international conference on Information \& Knowledge Management},
	pages={609--618},
	year={2013},
	organization={ACM}
}

@inproceedings{shin2012understanding,
	title={Understanding and prediction of mobile application usage for smart phones},
	author={Shin, Choonsung and Hong, Jin-Hyuk and Dey, Anind K},
	booktitle={Proceedings of the 2012 ACM Conference on Ubiquitous Computing},
	pages={173--182},
	year={2012},
	organization={ACM}
}


@inproceedings{do2011smartphone,
	title={Smartphone usage in the wild: a large-scale analysis of applications and context},
	author={Do, Trinh Minh Tri and Blom, Jan and Gatica-Perez, Daniel},
	booktitle={Proceedings of the 13th international conference on multimodal interfaces},
	pages={353--360},
	year={2011},
	organization={ACM}
}





%----------//---------%
@Misc{CHINOSAUR:venue,
  author =       {@\_CHINOSAUR},
  key =          {_CHINOSAUR},
  howpublished = {Tweet},
  title =        {"VENUE IS TOO COLD" \#BINGO \#CHI2014},
  month =        {May},
  day =          1,
  year =         2014,
  note =         {Retrieved Febuary 2, 2015 from
                  \url{https://twitter.com/_CHINOSAUR/status/461864317415989248}},
  annote =       {Tweet}
}

@misc{supermetroid:snes,
	Address = {Kyoto, Japan},
	Author = {{Nintendo R\&D1} and {Intelligent Systems}},
	Day = {18},
	Howpublished = {Game [SNES]},
	Month = {April},
	Note = {Nintendo, Kyoto, Japan. Played August 2011.},
	Publisher = {Nintendo},
	Title = {\emph{Super Metroid}},
	Year = {1994}
}

@inproceedings{Klemmer:2002:WSC:503376.503378,
  author =       {Klemmer, Scott R. and Thomsen, Michael and
                  Phelps-Goodman, Ethan and Lee, Robert and Landay,
                  James A.},
  title =        {Where Do Web Sites Come from?: Capturing and
                  Interacting with Design History},
  booktitle =    {Proceedings of the SIGCHI Conference on Human
                  Factors in Computing Systems},
  series =       {CHI '02},
  year =         2002,
  isbn =         {1-58113-453-3},
  location =     {Minneapolis, Minnesota, USA},
  pages =        {1--8},
  url =          {http://doi.acm.org/10.1145/503376.503378},
  doi =          {10.1145/503376.503378},
  acmid =        503378,
  publisher =    {ACM},
  address =      {New York, NY, USA},
  keywords =     {CSCW, activity capture, design rationale, history
                  management, informal interfaces, sketching, tangible
                  UI, web design},
}

@inproceedings{Mather:2000:MUT,
  title =        {Making up titles for conference papers},
  author =       {Mather, B. D.},
  booktitle =    {Ext. Abstracts CHI 2000},
  year =         2000,
  publisher =    "ACM Press",
  pages =        "1-2",
}

@book{Schwartz:1995:GBF,
  title =        {Guidelines for Bias-Free Writing},
  author =       {Marilyn Schwartz},
  address =      {Bloomington, IN, USA},
  year =         1995,
  publisher =    {ERIC}
}

@inproceedings{Zellweger:2001:FAO:504216.504224,
  author =       {Zellweger, Polle T. and Bouvin, Niels Olof and
                  Jeh{\o}j, Henning and Mackinlay, Jock D.},
  title =        {Fluid annotations in an open world},
  booktitle =    {Proc. Hypertext 2001},
  year =         2001,
  pages =        {9--18},
  publisher =    {ACM Press},
}

@misc{acm_categories,
  key =          "ACM",
  author =       {ACM},
  title =        {How to Classify Works Using ACM's Computing
                  Classification System},
  year =         1998,
  note =         {\url{http://www.acm.org/class/how_to_use.html}},
}

@Misc{cavender:writing,
  author =       {Anna Cavender and Shari Trewin and Vicki Hanson},
  title =        {Accessible Writing Guide},
  year =         2014,
  day =          22,
  note =
                  {\url{http://www.sigaccess.org/welcome-to-sigaccess/resources/accessible-writing-guide/}},
  annote =       {URL}
}

@article{ethics,
  title =        {{Social Impacts of Computing: Codes of Professional
                  Ethics}},
  author =       {R. E. Anderson},
  doi =          "10.1177/089443939201000402",
  journal =      "Social Science Computer Review December",
  year =         1992,
  volume =       10,
  number =       4,
  pages =        "453-469"
}

@Misc{heilig:sensorama,
  author =       {Morton L. Heilig},
  title =        {Sensorama Simulator},
  howpublished = {U.S. Patent 3,050,870},
  month =        {August},
  day =          28,
  year =         1962,
  note =         {Filed Februrary 22, 1962.},
  annote =       {is this right?}
},

@article{kaye:puc,
  year =         2014,
  issn =         {1617-4909},
  journal =      {Personal and Ubiquitous Computing},
  volume =       18,
  number =       4,
  doi =          {10.1007/s00779-014-0773-4},
  title =        {Special issue on science fiction and ubiquitous
                  computing},
  url =          {http://dx.doi.org/10.1007/s00779-014-0773-4},
  publisher =    {Springer London},
  author =       {Kaye, Jofish and Dourish, Paul},
  pages =        {765-766},
  language =     {English}
}

@Misc{psy:gangnam,
  author =       {Psy},
  title =        {Gangnam Style},
  howpublished = {Video},
  month =        {July},
  day =          15,
  year =         2012,
  note =         {Retrieved August 22, 2014 from
                  \url{https://www.youtube.com/watch?v=9bZkp7q19f0}},
  annote =       {Video URL}
}

@inproceedings{pielot2014situ,
	title={An in-situ study of mobile phone notifications},
	author={Pielot, Martin and Church, Karen and De Oliveira, Rodrigo},
	booktitle={Proceedings of the 16th international conference on Human-computer interaction with mobile devices \& services},
	pages={233--242},
	year={2014},
	organization={ACM}
}


@PhdThesis{sutherland:sketchpad,
  author =       {Ivan E. Sutherland},
  title =        {Sketchpad, a Man-Machine Graphical Communication
                  System},
  school =       {Massachusetts Institute of Technology},
  year =         1963,
  address =      {Cambridge, MA},
}

@InBook{winner:politics,
  author =       {Langdon Winner},
  title =        {The Social Shaping of Technology},
  chapter =      {Do artifacts have politics?},
  publisher =    {Open University Press},
  year =         1999,
  address =      {UK},
  edition =      {2nd},
  pages =        {28--40},
}

@article{shepard2011livelab,
	title={LiveLab: measuring wireless networks and smartphone users in the field},
	author={Shepard, Clayton and Rahmati, Ahmad and Tossell, Chad and Zhong, Lin and Kortum, Phillip},
	journal={ACM SIGMETRICS Performance Evaluation Review},
	volume={38},
	number={3},
	pages={15--20},
	year={2011},
	publisher={ACM}
}

@article{ferreira2011understanding,
	title={Understanding human-smartphone concerns: a study of battery life},
	author={Ferreira, Denzil and Dey, Anind and Kostakos, Vassilis},
	journal={Pervasive computing},
	pages={19--33},
	year={2011},
	publisher={Springer}
}

@article{mcmillan2010further,
	title={Further into the wild: Running worldwide trials of mobile systems},
	author={McMillan, Donald and Morrison, Alistair and Brown, Owain and Hall, Malcolm and Chalmers, Matthew},
	journal={Pervasive Computing},
	pages={210--227},
	year={2010},
	publisher={Springer}
}

@inproceedings{kamisaka2009operation,
	title={Operation prediction for context-aware user interfaces of mobile phones},
	author={Kamisaka, Daisuke and Muramatsu, Shigeki and Yokoyama, Hiroyuki and Iwamoto, Takeshi},
	booktitle={Applications and the Internet, 2009. SAINT'09. Ninth Annual International Symposium on},
	pages={16--22},
	year={2009},
	organization={IEEE}
}

@article{rahmati2013studying,
	title={Studying smartphone usage: Lessons from a four-month field study},
	author={Rahmati, Ahmad and Zhong, Lin},
	journal={IEEE Transactions on Mobile Computing},
	volume={12},
	number={7},
	pages={1417--1427},
	year={2013},
	publisher={IEEE}
}



